@article{con1,
  title={Schemes over $\mathbb{ F}_1$ and zeta functions},
  author={Connes, Alain and Consani, Caterina},
  journal={Compos. Math},
  volume={146},
  number={6},
  pages={1383--1415},
  year={2010},
  publisher={Cambridge Univ Press}
}





@article{con2,
  title={On the notion of geometry over $\mathbb{F}_1$},
  author={Connes, Alain and Consani, Caterina},
  journal={Journal of Algebraic Geometry 20 n.3 (2011), 525-557; S1056-3911(2010)00535-8},
  year={2008}
}

@article{con3,
  title={The hyperring of adele classes},
  author={Connes, Alain and Consani, Caterina},
  journal={Journal of Number Theory},
  volume={131},
  number={2},
  pages={159--194},
  year={2011},
  publisher={Elsevier}
}

@article{con4,
  title={From monoids to hyperstructures: in search of an absolute arithmetic},
  author={Connes, Alain and Consani, Caterina},
  journal={Casimir Force, Casimir Operators and the Riemann Hypothesis, de Gruyter},
  pages={147--198},
  year={2010}
}

@inproceedings{con5,
  title={Characteristic 1, entropy and the absolute point},
  author={Connes, Alain and Consani, Caterina},
  booktitle={Noncommutative Geometry, Arithmetic, and Related Topics, Proceedings of the 21st Meeting of the Japan-US Mathematics Institute, Baltimore},
  pages={75--140},
  year={2009}
}

@article{con6,
  title={The universal thickening of the field of real numbers},
  author={Connes, Alain and Consani, Caterina},
  journal={arXiv preprint arXiv:1202.4377},
  year={2012}
}


@article{con7,
  title={Projective geometry in characteristic one and the epicyclic category},
  author={Connes, Alain and Consani, Caterina},
  journal={Nagoya Mathematical Journal},
  volume={217},
  pages={95--132},
  year={2015},
  publisher={Cambridge Univ Press}
}


@article{con8,
  title={Cyclic structures and the topos of simplicial sets},
  author={Connes, Alain and Consani, Caterina},
  journal={to appear on Journal of Pure and Applied Algebra; arXiv preprint arXiv:1309.0394},
  year={2013}
}




@article{Dav1,
  title={A realization of hyperrings},
  author={Davvaz, B and Salasi, A},
  journal={Communications in Algebra{\textregistered}},
  volume={34},
  number={12},
  pages={4389--4400},
  year={2006},
  publisher={Taylor \& Francis}
}

@misc{Dav2,
  title={Hyperring theory and applications},
  author={Davvaz, B and Leoreanu-Fotea, V},
  year={2007},
  publisher={International Academic Press, USA}
}

@article{Rota,
  title={The hyperring spectrum},
  author={Procesi, R and Ciampi, R Rota},
  journal={Riv. Mat. Pura Appl},
  volume={1},
  pages={71--80},
  year={1987}
}

@book{Har,
  title={Algebraic geometry},
  author={Hartshorne, Robin},
  number={52},
  year={1977},
  publisher={Springer}
}

@article{Henry,
  title={Symmetrization of monoids as hypergroups},
  author={Henry, Simon},
  journal={arXiv preprint arXiv:1309.1963},
  year={2013}
} 





@article{viro,
  title={Hyperfields for tropical geometry {I}. Hyperfields and dequantization},
  author={Viro, Oleg},
  journal={arXiv preprint arXiv:1006.3034},
  year={2010}
}

@article{viro2,
  title={On basic concepts of tropical geometry},
  author={Viro, O Ya},
  journal={Proceedings of the Steklov Institute of Mathematics},
  volume={273},
  number={1},
  pages={252--282},
  year={2011},
  publisher={Springer}
}

@article{viro3,
  title={From the sixteenth Hilbert problem to tropical geometry},
  author={Viro, Oleg},
  journal={Japanese Journal of Mathematics},
  volume={3},
  number={2},
  pages={185--214},
  year={2008},
  publisher={Springer}
}

@article{mars1,
  title={Real reduced multirings and multifields},
  author={Marshall, M},
  journal={Journal of Pure and Applied Algebra},
  volume={205},
  number={2},
  pages={452--468},
  year={2006},
  publisher={Elsevier}
}


@article{mars2,
  title={ORDERINGS AND SIGNATURES OF HIGHER LEVEL ON MULTIRINGS AND HYPERFIELDS},
  author={Gladki, Pawel and Marshall, Murray}
}

@book{mars3,
  title={Spaces of orderings and abstract real spectra},
  author={Marshall, Murray A},
  volume={1636},
  year={1996},
  publisher={Springer}
}

@article{les1,
  title={Alg\`{e}bre absolue},
  author={Lescot, Paul},
  journal={Ann. Sci. Math. Québec 33, no 1, 63-82},
  year={2009}
}

@article{les2,
  title={Absolute algebra {II}—{I}deals and spectra},
  author={Lescot, Paul},
  journal={Journal of Pure and Applied Algebra},
  volume={215},
  number={7},
  pages={1782--1790},
  year={2011},
  publisher={Elsevier}
}

@article{les3,
  title={Absolute algebra III—The saturated spectrum},
  author={Lescot, Paul},
  journal={Journal of Pure and Applied Algebra},
  volume={216},
  number={5},
  pages={1004--1015},
  year={2012},
  publisher={Elsevier}
}

@article{oliver1,
  title={The geometry of blueprints: Part{ I}: Algebraic background and scheme theory},
  author={Lorscheid, Oliver},
  journal={Advances in Mathematics},
  volume={229},
  number={3},
  pages={1804--1846},
  year={2012},
  publisher={Elsevier}
}

@article{oliver2,
  title={The geometry of blueprints. Part {II}: Tits-Weyl models of algebraic groups},
  author={Lorscheid, Oliver},
  journal={arXiv preprint arXiv:1201.1324},
  year={2012}
}

@online{oliver3,
author = {Lorscheid, Oliver},
title = {Calculation of sheaf cohomology over $\mathbb{P}^1_{{\mathbb{F}_1}}$ by an injective resolution },
url = {http://w3.impa.br/~lorschei/p1.pdf}
}



@article{Baker1,
  title={Specialization of linear systems from curves to graphs},
  author={Baker, Matthew},
  journal={arXiv preprint math/0701075},
  year={2007}
}

@article{Payne,
  title={Analytification is the limit of all tropicalizations},
  author={Payne, Sam},
  journal={arXiv preprint arXiv:0805.1916},
  year={2008}
}

@article{Gri1,
  title={Enumerative tropical algebraic geometry in ℝ$\mathbb{R}^2$},
  author={Mikhalkin, Grigory},
  journal={Journal of the American Mathematical Society},
  volume={18},
  number={2},
  pages={313--377},
  year={2005}
}

@article{Gri2,
  title={Tropical geometry and its applications},
  author={Mikhalkin, Grigory},
  journal={arXiv preprint math/0601041},
  year={2006}
}

@article{kerber,
  title={A Riemann--Roch theorem in tropical geometry},
  author={Gathmann, Andreas and Kerber, Michael},
  journal={Mathematische Zeitschrift},
  volume={259},
  number={1},
  pages={217--230},
  year={2008},
  publisher={Springer}
}


@article{giansiracusa2016equations,
  title={Equations of tropical varieties},
  author={Giansiracusa, Jeffrey and Giansiracusa, Noah},
  journal={Duke Mathematical Journal},
  volume={165},
  number={18},
  pages={3379--3433},
  year={2016},
  publisher={Duke University Press}
}



@book{bernd,
  title={Introduction to tropical geometry},
  author={Maclagan, Diane and Sturmfels, Bernd},
  volume={161},
  year={2015},
  publisher={American Mathematical Soc.}
}



@article{iza,
  title={Supertropical algebra},
  author={Izhakian, Zur and Rowen, Louis},
  journal={Advances in Mathematics},
  volume={225},
  number={4},
  pages={2222--2286},
  year={2010},
  publisher={Elsevier}
}

@article{izavalue,
  title={A Glimpse at Supertropical Valuation theory},
  author={Izhakian, Zur and Knebusch, Manfred and Rowen, Louis},
  journal={An. {\c{S}}tiin{\c{t}}. Univ.“Ovidius” Constan{\c{t}}a},
  volume={19},
  number={2},
  pages={131--142},
  year={2011}
}

@book{beck,
  title={Computing the continuous discretely: Integer-point enumeration in polyhedra},
  author={Beck, Matthias and Robins, Sinai},
  year={2007},
  publisher={Springer}
}

@book{stan,
  title={Enumerative combinatorics},
  author={Stanley, Richard P},
  number={49},
  year={2011},
  publisher={Cambridge university press}
}

@article{diane,
  title={Polyhedral structures on tropical varieties},
  author={Maclagan, Diane},
  journal={arXiv preprint arXiv:1302.5372},
  year={2013}
}

@article{speyer,
  title={The tropical grassmannian},
  author={Speyer, David and Sturmfels, Bernd},
  journal={Advances in Geometry},
  volume={4},
  number={3},
  pages={389--411},
  year={2004},
  publisher={Berlin; New York: Walter de Gruyter, c2001-}
}

@article{peter,
  title={On analytical and diophantine properties of a family of counting polynomials},
  author={Kirschenhofer, Peter and Petho, Attila and Tichy, WF},
  journal={Acta scientiarum mathematicarum},
  volume={65},
  number={1},
  pages={47--60},
  year={1999},
  publisher={Szeged [Hungary]: M. Kir. Ferencz Jozsef-Tudomanyegyetem Baratai Egyesuletenek Kiadasa, 1922-}
}

@article{james,
  title={Witt vectors, semirings, and total positivity},
  author={Borger, James M},
  journal={arXiv preprint arXiv:1310.3013},
  year={2013}
}

@book{golan2013semirings,
	title={Semirings and their Applications},
	author={Golan, Jonathan S},
	year={2013},
	publisher={Springer Science \& Business Media}
}

@incollection{Deitmar,
  title={Schemes over $\mathbb{F}_1$},
  author={Deitmar, Anton},
  booktitle={Number fields and function fields-two parallel worlds},
  pages={87--100},
  year={2005},
  publisher={Springer}
}

@book{val,
  title={The theory of classical valuations},
  author={Ribenboim, Paulo},
  year={1999},
  publisher={Springer}
}



@article{tropicalpoly,
  title={WORKING WITH TROPICAL MEROMORPHIC FUNCTIONS OF ONE VARIABLE},
  author={Tsai, Yen-Lung},
  journal={Taiwanese Journal of Mathematics},
  volume={16},
  number={2},
  pages={691--712},
  year={2012}
}


@article{exactsemi,
  title={Exact sequences of semimodules over semirings},
  author={Abuhlail, Jawad},
  journal={arXiv preprint arXiv:1210.4566},
  year={2012}
}

@article{cech,
  title={On exactness of long sequences of homology semimodules},
  author={Patchkoria, Alex},
  journal={Journal of Homotopy and Related Structures},
  volume={1},
  number={1},
  pages={229--243},
  year={2006},
  publisher={Georgian Academy of Sciences, A. Razmadze Mathematical Institute, Tbilisi; Springer}
}

@inproceedings{injectiveresolution,
  title={Injective hulls of semimodules over additively-idempotent semirings},
  author={Wang, Huaxiong},
  booktitle={Semigroup Forum},
  volume={48},
  number={1},
  pages={377--379},
  year={1994},
  organization={Springer}
}

@article{remarksonsemimodules,
  title={Remarks on Semimodules},
  author={Pareigis, Bodo and Rohrl, Helmut},
  journal={arXiv preprint arXiv:1305.5531},
  year={2013}
}


@online{zetanote,
author = {Mustata, Mircea},
title = {Zeta functions in algebraic geometry},
url = {http://www.math.lsa.umich.edu/~mmustata/zeta_book.pdf}
}


@article{tolliver2014finite,
  title={Finite Extensions of  $\mathbb{Z}_{{max}}$ },
  author={Tolliver, Jeffrey},
  journal={arXiv preprint arXiv:1406.1121},
  year={2014}
}

@article{richter2003first,
  title={First steps in tropical geometry},
  author={Richter-Gebert, J{\"u}rgen and Sturmfels, Bernd and Theobald, Thorsten},
  journal={arXiv preprint math/0306366},
  year={2003}
}


@book{berkovich2012spectral,
  title={Spectral theory and analytic geometry over non-Archimedean fields},
  author={Berkovich, Vladimir G},
  number={33},
  year={2012},
  publisher={American Mathematical Soc.}
}

@book{bochnak1998real,
  title={Real algebraic geometry},
  author={Bochnak, Jacek and Coste, Michel and Roy, Marie-Fran{\c{c}}oise},
  year={1998},
  publisher={Springer}
}


@inproceedings{tits1956analogues,
  title={Sur les analogues alg{\'e}briques des groupes semi-simples complexes},
  author={Tits, Jacques},
  booktitle={Colloque d’algebre sup{\'e}rieure, Bruxelles},
  pages={261--289},
  year={1956}
}


@article{chevalley1955certains,
  title={Sur certains groupes simples},
  author={Chevalley, Claude and others},
  journal={Tohoku Mathematical Journal},
  volume={7},
  number={1-2},
  pages={14--66},
  year={1955},
  publisher={Tohoku University}
}


@article{soule2004varietes,
  title={Les vari{\'e}t{\'e}s sur le corps {\`a} un {\'e}l{\'e}ment},
  author={Soul{\'e}, Chr},
  journal={Mosc. Math. J},
  volume={4},
  number={1},
  pages={217--244},
  year={2004}
}


@article{cohn2004projective,
  title={Projective geometry over F\_1 and the Gaussian binomial coefficients},
  author={Cohn, Henry},
  journal={American Mathematical Monthly},
  pages={487--495},
  year={2004},
  publisher={JSTOR}
}

@article{deitmar2008f1,
  title={$\mathbb{F}_1$-schemes and toric varieties},
  author={Deitmar, Anton},
  journal={Contributions to Algebra and Geometry},
  volume={49},
  number={2},
  pages={517--525},
  year={2008}
}

@book{carter1989simple,
  title={Simple groups of Lie type},
  author={Carter, Roger W},
  volume={22},
  year={1989},
  publisher={John Wiley \& Sons}
}

@book{demazure1980introduction,
  title={Introduction to algebraic geometry and algebraic groups},
  author={Demazure, Michel},
  volume={39},
  year={1980},
  publisher={Elsevier}
}

@book{humphreys1975linear,
  title={Linear algebraic groups},
  author={Humphreys, James E and Humphreys, James Edward},
  volume={430},
  year={1975},
  publisher={Springer}
}

@article{kapranov1996cohomology,
  title={Cohomology determinants and reciprocity laws: number field case},
  author={Kapranov, Mikhail and Smirnov, Alexander},
  journal={Unpublished preprint},
  year={1996}
}

@article{krasner1983class,
  title={A class of hyperrings and hyperfields},
  author={Krasner, Marc},
  journal={International Journal of Mathematics and Mathematical Sciences},
  volume={6},
  number={2},
  pages={307--311},
  year={1983},
  publisher={Hindawi Publishing Corporation}
}

@article{manin1995lectures,
  title={Lectures on zeta functions and motives (according to {D}eninger and {K}urokawa)},
  author={Manin, Yuri},
  journal={Ast{\'e}risque},
  volume={228},
  number={4},
  pages={121--163},
  year={1995},
  publisher={[Paris: Societe mathematique de France, 1973-}
}

@article{pena2009mapping,
  title={Mapping $\mathbb{F}_1$-land: An overview of geometries over the field with one element},
  author={Pena, Javier L{\'o}pez and Lorscheid, Oliver},
  journal={arXiv preprint arXiv:0909.0069},
  year={2009}
}

@book{ronan2009lectures,
  title={Lectures on Buildings: Updated and Revised},
  author={Ronan, Mark},
  year={2009},
  publisher={University of Chicago Press}
}


@article{toen2009dessous,
  title={Au-dessous de {S}pec$\mathbb{Z}$},
  author={To{\"e}n, Bertrand and Vaqui{\'e}, Michel},
  journal={Journal of K-theory: K-theory and its Applications to Algebra, Geometry, and Topology},
  volume={3},
  number={03},
  pages={437--500},
  year={2009},
  publisher={Cambridge Univ Press}
}

@article{weibel2007survey,
  title={Survey of non-Desarguesian planes},
  author={Weibel, Charles},
  journal={Notices of the AMS},
  volume={54},
  number={10},
  pages={1294--1303},
  year={2007}
}

@article{lorscheid2014lectures,
  title={LECTURES ON $\mathbb{F}_1$},
  author={Lorscheid, Oliver},
  year={2014}
}

@article{connes2014cyclic,
  title={The Cyclic and Epicyclic Sites},
  author={Connes, Alain and Consani, Caterina},
  journal={arXiv preprint arXiv:1407.3945},
  year={2014}
}

@article{connes2014arithmetic,
  title={The Arithmetic Site},
  author={Connes, Alain and Consani, Caterina},
  journal={to appear on Comptes rendus Mathematique; arXiv preprint arXiv:1405.4527},
  year={2014}
}

@article{marty1935role,
  title={R{\^o}le de la notion d’hypergroupe dans l’{\'e}tude des groupes non ab{\'e}liens. C. R},
  author={Marty, F},
  journal={Acad. Sci. Paris Math},
  volume={201},
  pages={636--638},
  year={1935}
}

@inproceedings{krasner1956approximation,
  title={Approximation des Corps Values Complets de Caractristlque p\# 0 par ceux de Caracte’ristique O},
  author={Krasner, Marc},
  booktitle={Colloque d’Algebre Superleure (Bruxelles},
  year={1956}
}

@book{corsini2003applications,
  title={Applications of hyperstructure theory},
  author={Corsini, Piergiulio and Leoreanu, Violeta},
  volume={5},
  year={2003},
  publisher={Springer}
}

@article{durov2007new,
  title={New approach to Arakelov geometry},
  author={Durov, Nikolai},
  journal={arXiv preprint arXiv:0704.2030},
  year={2007}
}


@PhDThesis{ jaiungthesis,
author = {Jun, Jaiung},
title = {Algebraic geometry over semi-structures and hyper-structures of characteristic one},
school = {Johns Hopkins University},
year = 2015,
address = {Baltimore, Maryland, USA},
month = May
}

@article{brouwer2014lossy,
  title={Lossy gossip and composition of metrics},
  author={Brouwer, Andries E and Draisma, Jan and Frenk, Bart J},
  journal={arXiv preprint arXiv:1405.5979},
  year={2014}
}

@article{brion2012algebraic,
  title={On algebraic semigroups and monoids},
  author={Brion, Michel},
  journal={arXiv preprint arXiv:1208.0675},
  year={2012}
}

@book{liu2002algebraic,
  title={Algebraic geometry and arithmetic curves},
  author={Liu, Qing and Erne, Reinie},
  year={2002},
  publisher={Oxford university press}
}



@article{joo2014prime,
	title={Prime congruences of additively idempotent semirings and a Nullstellensatz for tropical polynomials},
	author={Jo{\'o}, D{\'a}niel and Mincheva, Kalina},
	journal={Selecta Mathematica},
	volume={24},
	number={3},
	pages={2207--2233},
	year={2018},
	publisher={Springer}
}


@article{bernd1,
  title={Tropical mathematics},
  author={Speyer, David and Sturmfels, Bernd},
  journal={Mathematics Magazine},
  pages={163--173},
  year={2009},
  publisher={JSTOR}
}

@article{izhakian2011supertropical,
  title={Supertropical semirings and supervaluations},
  author={Izhakian, Zur and Knebusch, Manfred and Rowen, Louis},
  journal={Journal of Pure and Applied Algebra},
  volume={215},
  number={10},
  pages={2431--2463},
  year={2011},
  publisher={Elsevier}
}

@article{izhakian2014layered,
  title={Layered tropical mathematics},
  author={Izhakian, Zur and Knebusch, Manfred and Rowen, Louis},
  journal={Journal of Algebra},
  volume={416},
  pages={200--273},
  year={2014},
  publisher={Elsevier}
}

@article{dress1986duality,
  title={Duality theory for finite and infinite matroids with coefficients},
  author={Dress, Andreas WM},
  journal={Advances in Mathematics},
  volume={59},
  number={2},
  pages={97--123},
  year={1986},
  publisher={Elsevier}
}



@article{jun2015algebraic,
  title={Algebraic Geometry Over Hyperrings},
  author={Jun, Jaiung},
  journal={arXiv preprint arXiv:1512.04837},
  year={2015}
}

@article{baker2016matroids,
  title={Matroids over hyperfields},
  author={Baker, Matthew and Bowler, Nathan},
  journal={arXiv preprint arXiv:1601.01204},
  year={2016}
}






@article{tolliver2016extension,
  title={Extension of valuations in characteristic one},
  author={Tolliver, Jeffrey},
  journal={arXiv preprint arXiv:1605.06425},
  year={2016}
}

@article{giansiracusa2016relation,
  title={On the relation between hyperrings and fuzzy rings},
  author={Giansiracusa, Jeffrey and Jun, Jaiung and Lorscheid, Oliver},
  journal={arXiv preprint arXiv:1607.01973},
  year={2016}
}

@article{hochster1969prime,
  title={Prime ideal structure in commutative rings},
  author={Hochster, Melvin},
  journal={Transactions of the American Mathematical Society},
  volume={142},
  pages={43--60},
  year={1969}
}



@article{maclagan2016tropical,
  title={Tropical ideals},
  author={Maclagan, Diane and Rinc{\'o}n, Felipe},
  journal={Compositio Mathematica},
  volume={154},
  number={3},
  pages={640--670},
  year={2018},
  publisher={London Mathematical Society}
}

@article{jun2017vcech,
  title={{\v{C}}ech cohomology of semiring schemes},
  author={Jun, Jaiung},
  journal={Journal of Algebra},
  volume={483},
  pages={306--328},
  year={2017},
  publisher={Elsevier}
}

@ONLINE{berkovich2011analytic,
author = {Berkovich, Vladimir G},
title = {Analytic geometry over $\mathbb{F}_1$},
month = Feb,
year = {2011},
url = {http://www.wisdom.weizmann.ac.il/~vova/Padova-slides_2011.pdf}
}

@article{N,
  title={A guide to closure operations in commutative algebra},
  author={Epstein, Neil},
  journal={Progress in commutative algebra},
  volume={2},
  pages={1--37},
  year={2012},
  publisher={Walter de Gruyter Berlin}
}

@book{Golan,
 title={Semirings and their applications},
 author={Golan, Jonathan S.},
 year={1999},
 publisher={Kluwer Academic Publishers, Dordrecht}
}



@article{F,
  title={Spectral spaces and ultrafilters},
  author={Finocchiaro, Carmelo Antonio},
  journal={Communications in Algebra},
  volume={42},
  number={4},
  pages={1496--1508},
  year={2014},
  publisher={Taylor \& Francis}
}

@article{Fo,
  title={A topological version of {H}ilbert's {N}ullstellensatz},
  author={Finocchiaro, Carmelo A and Fontana, Marco and Spirito, Dario},
  journal={Journal of algebra},
  volume={461},
  pages={25--41},
  year={2016},
  publisher={Elsevier}
}

@book{Je,
  title={Set theory},
  author={Jech, Thomas},
  year={2013},
  publisher={Springer Science \& Business Media}
}

@article{bertram2017tropical,
  title={The tropical nullstellensatz for congruences},
  author={Bertram, Aaron and Easton, Robert},
  journal={Advances in Mathematics},
  volume={308},
  pages={36--82},
  year={2017},
  publisher={Elsevier}
}

@article{borger2016boolean,
	title={Boolean {W}itt vectors and an integral {E}drei--{T}homa theorem},
	author={Borger, James and Grinberg, Darij},
	journal={Selecta Mathematica},
	volume={22},
	number={2},
	pages={595--629},
	year={2016},
	publisher={Springer}
}

@article{borger2016witt,
	title={Witt vectors, semirings, and total positivity},
	author={Borger, James},
	journal={Absolute Arithmetic and $\mathbb{F}_1$-Geometry},
	pages={273--329},
	year={2016}
}

@article{epstein2012guide,
	title={A guide to closure operations in commutative algebra},
	author={Epstein, Neil},
	journal={Progress in commutative algebra},
	volume={2},
	pages={1--37},
	year={2012},
	publisher={Walter de Gruyter Berlin}
}

@book{steinberg2010lattice,
	title={Lattice-ordered rings and modules},
	author={Steinberg, Stuart A},
	year={2010},
	publisher={Springer}
}

@article{lorscheid2019tropical,
	title={Tropical geometry over the tropical hyperfield},
	author={Lorscheid, Oliver},
	journal={arXiv preprint arXiv:1907.01037},
	year={2019}
}

@article{maclagan2018tropical,
	title={Tropical ideals},
	author={Maclagan, Diane and Rinc{\'o}n, Felipe},
	journal={Compositio Mathematica},
	volume={154},
	number={3},
	pages={640--670},
	year={2018},
	publisher={London Mathematical Society}
}

@article{tolliver2016extension,
	title={Extension of valuations in characteristic one},
	author={Tolliver, Jeffrey},
	journal={arXiv preprint arXiv:1605.06425},
	year={2016}
}

@article{jun2018valuations,
	title={Valuations of semirings},
	author={Jun, Jaiung},
	journal={Journal of Pure and Applied Algebra},
	volume={222},
	number={8},
	pages={2063--2088},
	year={2018},
	publisher={Elsevier}
}

@article{izhakian2011glimpse,
	title={A glimpse at supertropical valuation theory},
	author={Izhakian, Zur and Knebusch, Manfred and Rowen, Louis},
	journal={St. Univ. Ovidius Constanta},
	volume={19},
	pages={131--142},
	year={2011}
}

@article{connes2017homological,
	title={Homological algebra in characteristic one},
	author={Connes, Alain and Consani, Caterina},
	journal={Higher Structures Journal},
	volume={3},
	number={1},
	pages={155--247},
	year={2019}
}

@article{culling,
	title={On the \'{E}tale Fundamental Group of Schemes over the Natural Numbers},
	author={Culling, Robert Hendrik Scott},
	journal={Ph.D. thesis, Australian National University},
	year={2019}
}


@book{HS,
	title={Integral closure of ideals, rings, and modules},
	author={Huneke, Craig and Swanson, Irena},
	volume={13},
	year={2006},
	publisher={Cambridge University Press}
}

@misc{adicspace,
	title = {Adic spaces (lecture note)},
	author={Sophie Morel},
	howpublished = {\url{https://web.math.princeton.edu/~smorel/adic_notes.pdf}},
	note = {Accessed: 2019-12-29}
}

@misc{adicspace2,
	title = {Adic spaces (lecture note)},
	author={Torsten Wedhorn},
	howpublished = {\url{http://math.stanford.edu/~conrad/Perfseminar/refs/wedhornadic.pdf}},
	note = {Accessed: 2019-12-29}
}

@article{takagi2010construction,
  title={Construction of schemes over $\mathbb{F}_1$, and over idempotent semirings: towards tropical geometry},
  author={Takagi, Satoshi},
  journal={arXiv preprint arXiv:1009.0121},
  year={2010}
}

@article{jun2019projective,
	title={Projective systemic modules},
	author={Jun, Jaiung and Mincheva, Kalina and Rowen, Louis},
	journal={Journal of Pure and Applied Algebra},
	pages={106243},
	year={2019},
	publisher={Elsevier}
}


@article{ray2018closure,
	title={Closure operations, continuous valuations on monoids and spectral spaces},
	author={Ray, Samarpita},
	journal={Journal of Algebra and Its Applications, doi: 10.1142/S0219498820500061.},
	year={2019},
	publisher={World Scientific}
}

@article{bertram2017tropical,
	title={The tropical nullstellensatz for congruences},
	author={Bertram, Aaron and Easton, Robert},
	journal={Advances in Mathematics},
	volume={308},
	pages={36--82},
	year={2017},
	publisher={Elsevier}
}

@phdthesis{mincheva2016semiring,
	title={Semiring Congruences and Tropical Geometry},
	author={Mincheva, Kalina},
	year={2016},
	school={Johns Hopkins University}
}

@book{corry2018divisors,
  title={Divisors and sandpiles},
  author={Corry, Scott and Perkinson, David},
  volume={114},
  year={2018},
  publisher={American Mathematical Soc.}
}

@article{cori2000sandpile,
  title={On the sandpile group of dual graphs},
  author={Cori, Robert and Rossin, Dominique},
  journal={European Journal of Combinatorics},
  volume={21},
  number={4},
  pages={447--459},
  year={2000},
  publisher={Elsevier}
}

@article{brown2018chip,
  title={Chip-firing groups of iterated cones},
  author={Brown, Morgan V and Morrow, Jackson S and Zureick-Brown, David},
  journal={Linear Algebra and its Applications},
  volume={556},
  pages={46--54},
  year={2018},
  publisher={Elsevier}
}

@article{tutte1958homotopy,
  title={A homotopy theorem for matroids, {I}},
  author={Tutte, William T},
  journal={Transactions of the American Mathematical Society},
  volume={88},
  number={1},
  pages={144--160},
  year={1958},
  publisher={JSTOR}
}

@article{contreras2020gluing,
  title={Gluing of graph {L}aplacians and their spectra},
  author={Contreras, Ivan and Toriyama, Michael and Yu, Chengzheng},
  journal={Linear and Multilinear Algebra},
  volume={68},
  number={4},
  pages={710--749},
  year={2020},
  publisher={Taylor \& Francis}
}

@article{lorenzini2012two,
  title={Two-variable zeta-functions on graphs and {R}iemann--{R}och theorems},
  author={Lorenzini, Dino},
  journal={International Mathematics Research Notices},
  volume={2012},
  number={22},
  pages={5100--5131},
  year={2012},
  publisher={OUP}
}

@article{clancy2015note,
  title={A note on {J}acobians, {T}utte polynomials, and two-variable zeta functions of graphs},
  author={Clancy, Julien and Leake, Timothy and Payne, Sam},
  journal={Experimental Mathematics},
  volume={24},
  number={1},
  pages={1--7},
  year={2015},
  publisher={Taylor \& Francis}
}

@article{goel2019critical,
  title={Critical groups of iterated cones},
  author={Goel, Gopal and Perkinson, David},
  journal={Linear Algebra and its Applications},
  volume={567},
  pages={138--142},
  year={2019},
  publisher={Elsevier}
}

@incollection{glass2020chip,
  title={Chip-firing games and critical groups},
  author={Glass, Darren and Kaplan, Nathan},
  booktitle={A Project-Based Guide to Undergraduate Research in Mathematics},
  pages={107--152},
  year={2020},
  publisher={Springer}
}

@article{becker2016cyclic,
	title={Cyclic critical groups of graphs},
	author={Becker, Ryan and Glass, Darren B},
	journal={Australasian Journal of Combinatorics},
	volume={64},
	number={2},
	pages={366--375},
	year={2016}
}

@article{norine2011jacobians,
  title={Jacobians of nearly complete and threshold graphs},
  author={Norine, Serguei and Whalen, Peter},
  journal={European Journal of Combinatorics},
  volume={32},
  number={8},
  pages={1368--1376},
  year={2011},
  publisher={Elsevier}
}

@article{baker2007riemann,
  title={Riemann--{R}och and {A}bel--{J}acobi theory on a finite graph},
  author={Baker, Matthew and Norine, Serguei},
  journal={Advances in Mathematics},
  volume={215},
  number={2},
  pages={766--788},
  year={2007},
  publisher={Elsevier}
}

@article{baker2009harmonic,
  title={Harmonic morphisms and hyperelliptic graphs},
  author={Baker, Matthew and Norine, Serguei},
  journal={International Mathematics Research Notices},
  volume={2009},
  number={15},
  pages={2914--2955},
  year={2009},
  publisher={OUP}
}

@article{lorenzini1989arithmetical,
  title={Arithmetical graphs},
  author={Lorenzini, Dino J},
  journal={Mathematische Annalen},
  volume={285},
  number={3},
  pages={481--501},
  year={1989}
}

@article{tutte1974codichromatic,
  title={Codichromatic graphs},
  author={Tutte, William T},
  journal={Journal of Combinatorial Theory, Series B},
  volume={16},
  number={2},
  pages={168--174},
  year={1974},
  publisher={Elsevier}
}

@article{deninger2003two,
  title={Two-variable zeta functions and regularized products.},
  author={Deninger, Christopher},
  journal={Documenta Mathematica},
  pages={227--259},
  year={2003},
  publisher={Universi{\"a}t Bielefeld, Fakult{\"a}t f{\"u}r Mathematik}
}



@article{pellikaan1996special,
  title={On special divisors and the two variable zeta function of algebraic curves over finite fields},
  author={Pellikaan, Ruud},
  journal={Arithmetic, Geometry and Coding theory, Walter de Gruyter, Berlin},
  pages={175--184},
  year={1996},
  publisher={Citeseer}
}

@article{van2000effectivity,
  title={Effectivity of {A}rakelov divisors and the theta divisor of a number field},
  author={van der Geer, G and Schoof, R},
  journal={Selecta Mathematica},
  volume={4},
  number={6},
  pages={377--398},
  year={2000}
}

@article{borisov2003convolution,
  title={Convolution structures and arithmetic cohomology},
  author={Borisov, Alexandr},
  journal={Compositio Mathematica},
  volume={136},
  number={3},
  pages={237--254},
  year={2003},
  publisher={London Mathematical Society}
}

@article{lagarias2003two,
  title={On a two-variable zeta function for number fields},
  author={Lagarias, Jeffrey C and Rains, Eric},
  journal={Annales de l'institut Fourier},
  volume={53},
  number={1},
  pages={1--68},
  year={2003}
}

@incollection{baker2016degeneration,
	title={Degeneration of linear series from the tropical point of view and applications},
	author={Baker, Matthew and Jensen, David},
	booktitle={Nonarchimedean and Tropical Geometry},
	pages={365--433},
	year={2016},
	publisher={Springer}
}

@article{biggs1999chip,
	title={Chip-firing and the critical group of a graph},
	author={Biggs, Norman L},
	journal={Journal of Algebraic Combinatorics},
	volume={9},
	number={1},
	pages={25--45},
	year={1999},
	publisher={Springer}
}

@article{alfaro2012sandpile,
	title={On the sandpile group of the cone of a graph},
	author={Alfaro, Carlos A and Valencia, Carlos E},
	journal={Linear algebra and its applications},
	volume={436},
	number={5},
	pages={1154--1176},
	year={2012},
	publisher={Elsevier}
}

@article{lorenzini2008smith,
  title={Smith normal form and {L}aplacians},
  author={Lorenzini, Dino},
  journal={Journal of {C}ombinatorial {T}heory, {S}eries {B}},
  volume={98},
  number={6},
  pages={1271--1300},
  year={2008},
  publisher={Elsevier}
}

@article{chen2009critical,
	title={Critical groups for homeomorphism classes of graphs},
	author={Chen, Sheng and Ye, Sheng Kui},
	journal={Discrete mathematics},
	volume={309},
	number={1},
	pages={255--258},
	year={2009},
	publisher={Elsevier}
}

@article{alfaro2020structure,
	title={The structure of sandpile groups of outerplanar graphs},
	author={Alfaro, Carlos A and Villagr{\'a}n, Ralihe R},
	journal={arXiv preprint arXiv:2005.01314},
	year={2020}
}

@incollection{glass2020chip,
	title={Chip-firing games and critical groups},
	author={Glass, Darren and Kaplan, Nathan},
	booktitle={A {P}roject-{B}ased {G}uide to {U}ndergraduate {R}esearch in {M}athematics},
	pages={107--152},
	year={2020},
	publisher={Springer}
}